@article{Bezanson2017,
    volume = {59},
    publisher = {SIAM},
    doi = {10.1137/141000671},
    year = {2017},
    title = {Julia: A fresh approach to numerical computing},
    pages = {65--98},
    author = {Bezanson, Jeff and Edelman, Alan and Karpinski, Stefan and Shah, Viral B.},
    journal = {SIAM Review},
    number = {1},
}

@article{Alnaes2015,
    year = {2015},
    volume = {3},
    journal = {Archive of Numerical Software},
    title = {The FEniCS Project Version 1.5},
    pages = {9--23},
    number = {100},
    doi = {10.11588/ans.2015.100.20553},
    author = {Aln{e}s, Martin and Blechta, Jan and Hake, Johan and Johansson, Anders and Kehlet, Benjamin and Logg, Anders and Richardson, Chris and others},
}

@article{Bangerth2007,
    author = {Bangerth, Wolfgang and Hartmann, Ralf and Kanschat, Guido},
    number = {4},
    year = {2007},
    volume = {33},
    pages = {24},
    doi = {10.1145/1268776.1268779},
    publisher = {ACM New York, NY, USA},
    journal = {ACM Transactions on Mathematical Software (TOMS)},
    title = {deal.II--A general-purpose object-oriented finite element library},
}

@article{bezanson2017,
    title = {Julia: A Fresh Approach to Numerical Computing},
    doi = {10.1137/141000671},
    volume = {59},
    year = {2017},
    number = {1},
    author = {Bezanson, Jeff and Edelman, Alan and Karpinski, Stefan and Shah, Viral B.},
    pages = {65--98},
    journal = {SIAM Review},
}

@article{geuzaine2009,
    volume = {79},
    author = {Geuzaine, Christophe and Remacle, Jean-François},
    pages = {1309--1331},
    number = {11},
    journal = {International Journal for Numerical Methods in Engineering},
    year = {2009},
    doi = {10.1002/nme.2579},
    title = {Gmsh: A three-dimensional finite element mesh generator with built-in pre- and post-processing facilities},
}

@article{badia2020,
    title = {Gridap: An extensible Finite Element toolbox in Julia},
    author = {Badia, Santiago and Martín, Antonio and Verdugo, Francesc},
    volume = {5},
    number = {52},
    journal = {Journal of Open Source Software},
    pages = {2520},
    year = {2020},
    doi = {10.21105/joss.02520},
}

@article{knyazev2017,
    title = {Arpack.jl: A Julia interface to ARPACK},
    year = {2017},
    journal = {Journal of Open Source Software},
    doi = {10.21105/joss.00142},
    volume = {2},
    number = {12},
    pages = {142},
    author = {Knyazev, Andrew},
}

@book{zienkiewicz2005,
    edition = {6th},
    author = {Zienkiewicz, O.C. and Taylor, R.L.},
    publisher = {Butterworth–Heinemann},
    title = {The Finite Element Method},
    year = {2005},
}

@book{logg2012,
    author = {Logg, Anders and Mardal, Kent-Andre and Wells, Garth},
    year = {2012},
    publisher = {Springer},
    title = {Automated Solution of Differential Equations by the Finite Element Method: The FEniCS Book},
    doi = {10.1007/978-3-642-23099-8},
}

@article{bangerth2015,
    volume = {3},
    pages = {1--8},
    journal = {Archive of Numerical Software},
    number = {100},
    title = {The deal.II library, version 8.2},
    author = {Bangerth, Wolfgang and Heister, Timo and Heltai, Luca and Kanschat, Guido and Kronbichler, Martin and Maier, Matthias and Turcksin, Bruno and Young, David},
    doi = {10.11588/ans.2015.100.20553},
    year = {2015},
}